<record><leader>00000cas a2200000 a 4500</leader><controlfield tag="001">27179366</controlfield><controlfield tag="008">921229d18921896iluwr ne      0   a0eng c</controlfield><datafield ind1=" " ind2=" " tag="010"><subfield code="a">sn 92053981 </subfield></datafield><datafield ind1=" " ind2=" " tag="040"><subfield code="a">NVF</subfield><subfield code="b">eng</subfield><subfield code="c">NVF</subfield><subfield code="d">CVF</subfield><subfield code="d">NVF</subfield><subfield code="d">OCLCQ</subfield><subfield code="d">OCLCF</subfield><subfield code="d">OCLCO</subfield><subfield code="d">NVF</subfield><subfield code="d">OCLCO</subfield><subfield code="d">OCL</subfield></datafield><datafield ind1=" " ind2=" " tag="042"><subfield code="a">pcc</subfield></datafield><datafield ind1=" " ind2=" " tag="043"><subfield code="a">n-us-il</subfield></datafield><datafield ind1="0" ind2="0" tag="245"><subfield code="a">Stark Co. Republican.</subfield></datafield><datafield ind1="3" ind2=" " tag="246"><subfield code="a">Stark County Republican</subfield></datafield><datafield ind1=" " ind2=" " tag="260"><subfield code="a">Bradford, Stark County, Ill. :</subfield><subfield code="b">J.W. Pettigrew,</subfield><subfield code="c">1892-1896.</subfield></datafield><datafield ind1=" " ind2=" " tag="300"><subfield code="a">volumes</subfield></datafield><datafield ind1=" " ind2=" " tag="310"><subfield code="a">Weekly</subfield></datafield><datafield ind1="0" ind2=" " tag="362"><subfield code="a">Vol. 1, no. 1 (Feb. 4, 1892)-v. 5, no. 49 (Dec. 31, 1896).</subfield></datafield><datafield ind1=" " ind2="0" tag="651"><subfield code="a">Stark County (Ill.)</subfield><subfield code="v">Newspapers.</subfield></datafield><datafield ind1=" " ind2="0" tag="651"><subfield code="a">Bradford (Ill.)</subfield><subfield code="v">Newspapers.</subfield></datafield><datafield ind1=" " ind2="7" tag="651"><subfield code="a">Illinois</subfield><subfield code="z">Bradford.</subfield><subfield code="2">fast</subfield><subfield code="0">(OCoLC)fst01883801</subfield></datafield><datafield ind1=" " ind2="7" tag="651"><subfield code="a">Illinois</subfield><subfield code="z">Stark County.</subfield><subfield code="2">fast</subfield><subfield code="0">(OCoLC)fst01215013</subfield></datafield><datafield ind1=" " ind2="7" tag="655"><subfield code="a">Newspapers.</subfield><subfield code="2">fast</subfield><subfield code="0">(OCoLC)fst01423814</subfield></datafield><datafield ind1=" " ind2=" " tag="752"><subfield code="a">United States</subfield><subfield code="b">Illinois</subfield><subfield code="c">Stark County</subfield><subfield code="d">Bradford.</subfield></datafield><datafield ind1="0" ind2="0" tag="785"><subfield code="t">Bradford Republican (Bradford, Ill.)</subfield><subfield code="w">(DLC)sn 86086380</subfield><subfield code="w">(OCoLC)13336664</subfield></datafield><datafield ind1="1" ind2=" " tag="029"><subfield code="a">AU@</subfield><subfield code="b">000026436737</subfield></datafield></record>